%---------------------------------------------------------------------------%
%-                                                                         -%
%-                             Bibliography                                -%
%-                                                                         -%
%---------------------------------------------------------------------------%
@book{wikibook2014latex,
    title={http://en.wikibooks.org/wiki/LaTeX},
    author={Wikibook},
    year={2014},
    publisher={On-line Resources}
}
@book{lamport1986document,
    title={Document Preparation System},
    author={Lamport, Leslie},
    year={1986},
    publisher={Addison-Wesley Reading, MA}
}
@article{chen2005zhulu,
    title={著录文后参考文献的规则及注意事项},
    author={陈浩元},
    key={Chen Hao Yuan},
    journal={编辑学报},
    volume={17},
    number={6},
    pages={413--415},
    year={2005}
}
@book{chu2004tushu,
    title={图书馆数字参考咨询服务研究},
    author={初景利},
    key={Chu Jing Li},
    year={2004},
    address={北京},
    publisher={北京图书馆出版社}
}
@article{stamerjohanns2009mathml,
    title={{MathML}-aware article conversion from {LaTeX}},
    author={Stamerjohanns, Heinrich and Ginev, Deyan and David, Catalin and Misev, Dimitar and Zamdzhiev, Vladimir and Kohlhase, Michael},
    journal={Towards a Digital Mathematics Library},
    volume={16},
    number={2},
    pages={109--120},
    year={2009},
    publisher={Masaryk University Press}
}
@article{betts2005aging,
    title={Aging reduces center-surround antagonism in visual motion processing},
    author={Betts, Lisa R and Taylor, Christopher P},
    journal={Neuron},
    volume={45},
    number={3},
    pages={361--366},
    year={2005},
    publisher={Elsevier}
}

@article{bravo1990comparative,
    title={Comparative study of visual inter and intrahemispheric cortico-cortical connections in five native Chilean rodents},
    author={Bravo, Hermes and Olavarria, Jaime},
    journal={Anatomy and embryology},
    volume={181},
    number={1},
    pages={67--73},
    year={1990},
    publisher={Springer}
}
@book{hls2012jinji,
    author       = {哈里森·沃尔德伦},
    key          = {Haliseng Woerdelun},
    translator   = {谢远涛},
    title        = {经济数学与金融数学},
    address      = {北京},
    publisher    = {中国人民大学出版社},
    year         = {2012},
    pages        = {235--236},
}
@proceedings{niu2013zonghe,
    editor       = {牛志明 and 斯温兰德 and 雷光春},
    key          = {Niu Zhi Ming Siwenlande Lei Guang Chun},
    title        = {综合湿地管理国际研讨会论文集},
    address      = {北京},
    publisher    = {海洋出版社},
    year         = {2013},
}
@incollection{chen1980zhongguo,
    author       = {陈晋镳 and 张惠民 and 朱士兴 and 赵震 and
        王振刚},
    key          = {Chen Jing Ao Zhang Hui Ming Zhu Shi Xing Zhao Zhen Wang Zhen Gang},
    title        = {蓟县震旦亚界研究},
    editor       = {中国地质科学院天津地质矿产研究所},
    booktitle    = {中国震旦亚界},
    address      = {天津},
    publisher    = {天津科学技术出版社},
    year         = {1980},
    pages        = {56--114},
}
@article{yuan2012lana,
    author       = {袁训来 and 陈哲 and 肖书海},
    key          = {Yuan xun lai Chen zhe Xiao shu Hai},
    title        = {蓝田生物群: 一个认识多细胞生物起源和早期演化的新窗口 -- 篇一},
    journal      = {科学通报},
    year         = {2012},
    volume       = {57},
    number       = {34},
    pages        = {3219},
}
@article{yuan2012lanb,
    author       = {袁训来 and 陈哲 and 肖书海},
    key          = {Yuan xun lai Chen zhe Xiao shu Hai},
    title        = {蓝田生物群: 一个认识多细胞生物起源和早期演化的新窗口 -- 篇二},
    journal      = {科学通报},
    year         = {2012},
    volume       = {57},
    number       = {34},
    pages        = {3219},
}
@article{yuan2012lanc,
    author       = {袁训来 and 陈哲 and 肖书海},
    key          = {Yuan xun lai Chen zhe Xiao shu Hai},
    title        = {蓝田生物群: 一个认识多细胞生物起源和早期演化的新窗口 -- 篇三},
    journal      = {科学通报},
    year         = {2012},
    volume       = {57},
    number       = {34},
    pages        = {3219},
}
@article{walls2013drought,
    author       = {Walls, Susan C. and Barichivich, William J. and Brown, Mary
        E.},
    title        = {Drought, deluge and declines: the impact of precipitation
        extremes on amphibians in a changing climate},
    journal      = {Biology},
    year         = {2013},
    volume       = {2},
    number       = {1},
    pages        = {399--418},
    urldate      = {2013-11-04},
    url          = {http://www.mdpi.com/2079-7737/2/1/399},
    doi          = {10.3390/biology2010399},
}
@article{Bohan1928,
    author = { ボハン, デ},
    title = { 過去及び現在に於ける英国と会 },
    journal = { 日本時報 },
    year = { 1928 },
    volume = { 17 },
    pages = { 5-9 },
    edition = { 9 },
    hyphenation = { japanese },
    language = { japanese }
}

@article{Dubrovin1906,
    author = { Дубровин, А. И },
    title = { Открытое письмо Председателя Главного Совета Союза Русского Народа Санкт-Петербургскому Антонию, Первенствующему члену Священного Синода },
    journal = { Вече },
    year = { 1906 },
    volume = {  },
    edition = { 97 },
    month = { 7 дек. 1906 },
    pages = { 1-3 },
    hyphenation = { russian },
    language = { russian }
}

@Article{hitchcock1927expression,
  author    = {Hitchcock, Frank L},
  title     = {The expression of a tensor or a polyadic as a sum of products},
  number    = {1-4},
  pages     = {164--189},
  volume    = {6},
  journal   = {Journal of Mathematics and Physics},
  publisher = {Wiley Online Library},
  year      = {1927},
}

@Article{song_tensor_2019,
  author       = {Song, Qingquan and Ge, Hancheng and Caverlee, James and Hu, Xia},
  date         = {2019},
  journaltitle = {{ACM} Transactions on Knowledge Discovery from Data ({TKDD})},
  title        = {Tensor completion algorithms in big data analytics},
  number       = {1},
  pages        = {1--48},
  volume       = {13},
}

@Article{sael_scalable_2015,
  author    = {Sael, Lee and Jeon, Inah and Kang, U},
  title     = {Scalable tensor mining},
  number    = {2},
  pages     = {82--86},
  volume    = {2},
  journal   = {Big Data Research},
  publisher = {Elsevier},
  year      = {2015},
}

@Article{zhou_tensor_2017,
  author    = {Zhou, Pan and Lu, Canyi and Lin, Zhouchen and Zhang, Chao},
  title     = {Tensor factorization for low-rank tensor completion},
  number    = {3},
  pages     = {1152--1163},
  volume    = {27},
  journal   = {IEEE Transactions on Image Processing},
  publisher = {IEEE},
  year      = {2017},
}

@InProceedings{song_nonlocal_2018,
  author    = {Song, Liangchen and Du, Bo and Zhang, Lefei and Zhang, Liangpei and Wu, Jia and Li, Xuelong},
  booktitle = {Proceedings of the AAAI Conference on Artificial Intelligence},
  title     = {Nonlocal patch based t-svd for image inpainting: Algorithm and error analysis},
  number    = {1},
  volume    = {32},
  year      = {2018},
}

@Article{kolda_tensor_2009,
  author    = {Kolda, Tamara G and Bader, Brett W},
  title     = {Tensor decompositions and applications},
  number    = {3},
  pages     = {455--500},
  volume    = {51},
  journal   = {SIAM review},
  publisher = {SIAM},
  year      = {2009},
}

@Article{carroll_analysis_1970,
  author    = {Carroll, J Douglas and Chang, Jih-Jie},
  title     = {Analysis of individual differences in multidimensional scaling via an N-way generalization of “Eckart-Young” decomposition},
  number    = {3},
  pages     = {283--319},
  volume    = {35},
  journal   = {Psychometrika},
  publisher = {Springer},
  year      = {1970},
}

@Article{harshman1970foundations,
  author    = {Harshman, Richard A and others},
  title     = {Foundations of the PARAFAC procedure: Models and conditions for an" explanatory" multimodal factor analysis},
  publisher = {University of California at Los Angeles Los Angeles},
  year      = {1970},
}

@Article{tucker1966some,
  author    = {Tucker, Ledyard R},
  title     = {Some mathematical notes on three-mode factor analysis},
  number    = {3},
  pages     = {279--311},
  volume    = {31},
  journal   = {Psychometrika},
  publisher = {Springer},
  year      = {1966},
}

@Article{18,
  author    = {Kilmer, Misha E and Martin, Carla D},
  title     = {Factorization strategies for third-order tensors},
  number    = {3},
  pages     = {641--658},
  volume    = {435},
  journal   = {Linear Algebra and its Applications},
  publisher = {Elsevier},
  year      = {2011},
}

@Article{34,
  author    = {Lu, Canyi and Feng, Jiashi and Chen, Yudong and Liu, Wei and Lin, Zhouchen and Yan, Shuicheng},
  title     = {Tensor robust principal component analysis with a new tensor nuclear norm},
  number    = {4},
  pages     = {925--938},
  volume    = {42},
  journal   = {IEEE Transactions on Pattern Analysis and Machine Intelligence},
  publisher = {IEEE},
  year      = {2019},
}
%---------------------------------------------------------------------------%
